@inproceedings{perona1987scale,
	title={Scale-space and edge detection using anisotropic diffusion},
	author={Perona, Pietro and Malik, Jitendra},
	booktitle={Proceedings of IEEE Computer Society Workshop on Computer Vision},
	pages={16--22},
	year={1987},
	month={November}
}
